<?xml version="1.0" encoding="UTF-8"?><collection><record><leader>05901ntm a2200517 a 4500</leader><controlfield tag="001">006491415</controlfield><controlfield tag="003">MiAaHDL</controlfield><controlfield tag="005">20190719000000.0</controlfield><controlfield tag="006">m        d        </controlfield><controlfield tag="007">cr bn ---auaua</controlfield><controlfield tag="008">090424s1705    tu            00| ||ara d</controlfield><datafield tag="035" ind1=" " ind2=" "><subfield code="a">(MiU)006491415</subfield></datafield><datafield tag="035" ind1=" " ind2=" "><subfield code="a">sdr-miu006491415</subfield></datafield><datafield tag="040" ind1=" " ind2=" "><subfield code="a">MiU</subfield><subfield code="c">MiU</subfield><subfield code="e">amremm</subfield></datafield><datafield tag="043" ind1=" " ind2=" "><subfield code="a">n-us-mi</subfield></datafield><datafield tag="100" ind1="1" ind2=" "><subfield code="6">880-01</subfield><subfield code="a">Taftāzānī, Masʻūd ibn ʻUmar,</subfield><subfield code="d">1322-1389?</subfield></datafield><datafield tag="245" ind1="1" ind2="3"><subfield code="6">880-02</subfield><subfield code="a">[al-Talwīḥ ilá kashf ḥaqāʼiq al-Tanqīḥ,</subfield><subfield code="f">1116, i.e. 1705].</subfield></datafield><datafield tag="260" ind1=" " ind2=" "><subfield code="a">[Istanbul,</subfield><subfield code="c">1705].</subfield></datafield><datafield tag="300" ind1=" " ind2=" "><subfield code="a">219 leaves :</subfield><subfield code="b">paper ;</subfield><subfield code="c">218 x 180 (161 x 79) bound to 218 x 185 mm.</subfield></datafield><datafield tag="500" ind1=" " ind2=" "><subfield code="a">Shelfmark: Ann Arbor, University of Michigan, Special Collections Library, Isl. Ms. 103</subfield></datafield><datafield tag="500" ind1=" " ind2=" "><subfield code="a">Origin: As appears in colophon on p.438, copied by Muḥammad ibn ʻAlī al-Kharyūtī [?]. Transcription finished ("tammat kitābat hādhihi al-nuskhah al-sharīfah...") in Qusṭanṭinīyah (Istanbul) toward the end of Rajab 1116 [November 1705].</subfield></datafield><datafield tag="500" ind1=" " ind2=" "><subfield code="a">Accompanying materials: Slips carrying notes (paginated pp.29-30, pp.113-114, pp.123-124).</subfield></datafield><datafield tag="500" ind1=" " ind2=" "><subfield code="a">Former shelfmark: British Museum, London "No. 124. Commentary on legal work (al-Taudih?)."</subfield></datafield><datafield tag="500" ind1=" " ind2=" "><subfield code="a">Binding: Pasteboards covered in laid paper with red-brown leather on spine, fore-edge flap and edges/turn-ins ; Type II binding (with flap) ; envelope flap covered in marbled paper with floral designs ; board linings in laid paper ; sewn in yellow thread, two stations, rarely intact and nearly all quires are loose ; endbands virtually gone ; in poor condition with significant abrasion, staining, lifting and losses of leather and fore-edge flap lining, envelope flap detaching from fore-edge flap, delamination of boards, etc. ; repairs in various leathers.</subfield></datafield><datafield tag="500" ind1=" " ind2=" "><subfield code="a">Support: European laid paper of mainly two types ; first type with 12 laid lines per cm. (vertical), chain lines spaced 24 mm. apart (horizontal), horn in scrollwork watermark (compare Heawood 2680, etc.), burnished but not very smooth ; second type with 12 laid lines per cm. (vertical) and chain lines spaced 18-20 mm. apart (horizontal), as well as watermark with crown, a bar carrying initials "A G" and grapes, very well-burnished and fairly smooth.</subfield></datafield><datafield tag="500" ind1=" " ind2=" "><subfield code="a">Decoration: Keywords, section headings, and abbreviations rubricated ; occasional overlining in red ; written area (through p.67) surrounded by red rule-border.</subfield></datafield><datafield tag="500" ind1=" " ind2=" "><subfield code="a">Script: Naskh ; neat, compact Ottoman hand ; virtually serifless ; slight effect of tilt to the left ; mainly closed counters ; pointing for two dots in the form of rounded inverted caret ; kāf mashkūlah (mashqūqah) preferred.</subfield></datafield><datafield tag="500" ind1=" " ind2=" "><subfield code="a">Layout: Written in 27 lines per page ; frame-ruled.</subfield></datafield><datafield tag="500" ind1=" " ind2=" "><subfield code="a">Collation: 2 V (20), I (22), 19 V(212), IV-1 (219) ; chiefly quinions ; final three leaves left blank ; catchwords present ; foliation in black ink, Hindu-Arabic numerals (opening leaf carries ٦۱) ; pagination in pencil, Western numerals, supplied during digitization (includes inserts).</subfield></datafield><datafield tag="500" ind1=" " ind2=" "><subfield code="a">Colophon: "Scribal," triangular, reads: "وتمت كتابة هذه النسخة الشريفة على يد الضعيف محمد ابن الحاج علي الخريوتي في بلدة قسطنطنية في اواخر شهر رجب في سنة سبع عشرة ومائة والف والحمد لوليه والصلوة على نبيه واله تم"</subfield></datafield><datafield tag="500" ind1=" " ind2=" "><subfield code="a">Explicit: "لسلوك طريق الهدى انه ولي العصمة ومنه الهداية الى سواء الطريق وقد اتفق صبيحة يوم الثلثين من شهر مبارك الرمضان [كذا] سنة خمس وسبعين وثمانمائة [كذا] فراغ بنان البيان ... والحمد لله على نعمه العظام ومنحه الجسام والصلوة على نبيه محمد واله اصحابه البررة الكرام"</subfield></datafield><datafield tag="500" ind1=" " ind2=" "><subfield code="a">Incipit: "اذا استعملت في النكاح لان العوض يجب بنفسه فيصير بمنزلة هبة عين في يد الموهوب ..."</subfield></datafield><datafield tag="500" ind1=" " ind2=" "><subfield code="a">Title supplied by cataloguer.</subfield></datafield><datafield tag="500" ind1=" " ind2=" "><subfield code="a">Ms. codex.</subfield></datafield><datafield tag="510" ind1="4" ind2=" "><subfield code="a">Ḥājjī Khalīfah. Kashf al-ẓunūn,</subfield><subfield code="c">ii, 444</subfield></datafield><datafield tag="510" ind1="4" ind2=" "><subfield code="a">Brockelmann, C. GAL,</subfield><subfield code="c">II, 214 ; 216, no. 15.</subfield></datafield><datafield tag="520" ind1="8" ind2=" "><subfield code="a">Acephalous copy of al-Taftāzānī’s commentary on al-Tawḍīḥ fī ḥall ghawāmiḍ al-Tanqīḥ, itself a commentary on Tanqīḥ al-uṣūl both by ʻUbayd Allāh ibn Masʻūd al-Maḥbūbī (d. 747/1346), on uṣūl al-fiqh. Discrepancy in the date within the explicit/authorial colophon may be attributed to scribal error.</subfield></datafield><datafield tag="538" ind1=" " ind2=" "><subfield code="a">Mode of access: Internet.</subfield></datafield><datafield tag="541" ind1=" " ind2=" "><subfield code="c">Purchase ;</subfield><subfield code="a">Acquired by purchase along with Abdul Hamid Collection (funds donated by Horace Rackham).</subfield><subfield code="d">1924.</subfield></datafield><datafield tag="546" ind1=" " ind2=" "><subfield code="a">Arabic.</subfield></datafield><datafield tag="561" ind1=" " ind2=" "><subfield code="a">Bookplate of British Museum, London on interior of upper cover, "British Museum, London. No. 124. Commentary on legal work (al-Taudih?)." ; circular seal impression with figure of goat/gazelle in purple ink as well as inscription "343" in Western numerals also on interior of upper cover ; waqf statement on inner margin of p.45 reads "وقف جنت زاده" likely representative of the waqf established by al-Sayyid ʻAbd Allāh Adīb (Abdullah Edip), known as Jannatʹzādah (Cennet-zade), qāḍī of Erzurum ; extensive glosses throughout, mainly those of Ḥasan Chalabī ; occasional marginal corrections.</subfield></datafield><datafield tag="600" ind1="1" ind2="0"><subfield code="a">Maḥbūbī, ʻUbayd Allāh ibn Masʻūd,</subfield><subfield code="d">-1346 or 1347.</subfield><subfield code="t">Tanqīḥ al-uṣūl.</subfield></datafield><datafield tag="650" ind1=" " ind2="0"><subfield code="a">Manuscripts, Arabic</subfield><subfield code="z">Michigan</subfield><subfield code="z">Ann Arbor.</subfield></datafield><datafield tag="650" ind1=" " ind2="0"><subfield code="a">Islamic law</subfield><subfield code="x">Interpretation and construction</subfield><subfield code="v">Early works to 1800.</subfield></datafield><datafield tag="773" ind1="0" ind2=" "><subfield code="a">Tiflis Collection.</subfield></datafield><datafield tag="880" ind1="1" ind2="2"><subfield code="6">245-02/</subfield><subfield code="a">[التلويح إلى كشف حقائق التنقيح,</subfield><subfield code="f">1116ه, 1705م].</subfield></datafield><datafield tag="880" ind1="1" ind2=" "><subfield code="6">100-01/</subfield><subfield code="a">تفتازاني، مسعود بن عمر.</subfield></datafield><datafield tag="CID" ind1=" " ind2=" "><subfield code="a">006491415</subfield></datafield><datafield tag="DAT" ind1="0" ind2=" "><subfield code="a">20190719102634.0</subfield><subfield code="b">20190719000000.0</subfield></datafield><datafield tag="DAT" ind1="1" ind2=" "><subfield code="a">20190719090653.0</subfield><subfield code="b">2019-07-19T16:11:00Z</subfield></datafield><datafield tag="DAT" ind1="2" ind2=" "><subfield code="a">2015-10-10T18:00:06Z</subfield></datafield><datafield tag="CAT" ind1=" " ind2=" "><subfield code="a">SDR-MIU</subfield><subfield code="d">EX LIBRIS - ALEPH</subfield><subfield code="l">prepare.pl-004-008</subfield></datafield><datafield tag="FMT" ind1=" " ind2=" "><subfield code="a">BK</subfield></datafield><datafield tag="HOL" ind1=" " ind2=" "><subfield code="0">sdr-miu006491415</subfield><subfield code="a">MiU</subfield><subfield code="b">SDR</subfield><subfield code="c">MIU</subfield><subfield code="p">mdp.39015079125541</subfield><subfield code="s">MIU</subfield><subfield code="1">006491415</subfield></datafield><datafield tag="974" ind1=" " ind2=" "><subfield code="b">MIU</subfield><subfield code="c">MIU</subfield><subfield code="d">20190719</subfield><subfield code="s">lit-dlps-dc</subfield><subfield code="u">mdp.39015079125541</subfield><subfield code="y">1705</subfield><subfield code="r">pd</subfield><subfield code="q">bib</subfield><subfield code="t">non-US bib date1 &lt; 1879</subfield></datafield></record></collection>